@book{first-course-on-gr,
    title={\href{https://trello.com/c/jzmmeXHp}{A First Course on General Relativity}},
    author={Bernard Schutz},
    year={2009}
}

@Misc{galilean-invariance,
    author       = {Wikipedia},
    title        = {\href{https://en.wikipedia.org/wiki/Galilean_invariance}{Galilean invariance}}
}
