@book{student-maxwell-equations,
    author = {Daniel Fleisch},
    title = {\href{https://trello.com/c/SlPIXwCY}{A Student's Guide to Maxwell's Equations}},
    isbn = {978-0-521-87761-9},
    year = {2008},
    publisher = {Cambridge University Press}
}
